@book {homo,
author="Johan Huizinga",
title="ホモ・ルーデンス",
note="高橋英夫　訳",
publisher="中央公論社",
year="1971",
}

@article{huzita1,
author="藤田 直樹",
title="米国におけるビデオ・ゲーム産業の形成と急激な崩壊--現代ビデオ・ゲーム産業の形成過程(1)",
journal="経済論叢",
ISSN="00130273",
publisher="京都大學經濟學會",
year="1998",
month="nov",
volume="162",
number="5",
pages="440-457",
URL="http://ci.nii.ac.jp/naid/120000904860/",
DOI="info:doi/10.14989/45249",
}

@article{huzita2,
author="藤田 直樹",
title="「ファミコン」登場前の日本ビデオ・ゲーム産業--現代ビデオ・ゲーム産業の形成過程(2)",
journal="経済論叢",
ISSN="00130273",
publisher="京都大學經濟學會",
year="1999",
month="mar",
volume="163",
number="3",
pages="311-328",
URL="http://ci.nii.ac.jp/naid/120000898882/",
DOI="info:doi/10.14989/45271",
}

@article{huzita3,
author="藤田 直樹",
title="「ファミコン」開発とビデオ・ゲーム産業形成過程の総合的考察--現代ビデオ・ゲーム産業の形成課程(3)",
journal="経済論叢",
ISSN="00130273",
publisher="京都大學經濟學會",
year="1999",
month="may",
volume="163",
number="5",
pages="511-528",
URL="http://ci.nii.ac.jp/naid/120000898893/",
DOI="info:doi/10.14989/45282",
}

@book {famitu,
editor="カドカワ株式会社",
title="ファミ通ゲーム白書2016",
publisher="カドカワ株式会社",
year="2016",
}

@book {e-sports,
editor={SuperData Research and カドカワ株式会社},
title="eスポーツグローバルマーケットレポート2016",
publisher="カドカワ株式会社",
year="2017",
}

@misc{cig,
author={IEEE Computational Intelligence Society},
title={{IEEE} {C}onference on {C}omputational {I}ntelligence and {G}ames},
howpublished={\url{http://www.ieee-cig.org/}},
note={Last visited: \todayd}
}

@article{alphaGo,
title = {Mastering the game of Go with deep neural networks and tree search},
author  = {David Silver and Aja Huang and Christopher J. Maddison and Arthur Guez and Laurent Sifre and George van den Driessche and Julian Schrittwieser and Ioannis Antonoglou and Veda Panneershelvam and Marc Lanctot and Sander Dieleman and Dominik Grewe and John Nham and Nal Kalchbrenner and Ilya Sutskever and Timothy Lillicrap and Madeleine Leach and Koray Kavukcuoglu and Thore Graepel and Demis Hassabis},
year  = 2016,
URL = {http://www.nature.com/nature/journal/v529/n7587/full/nature16961.html},
journal = {Nature},
pages = {484--503},
volume  = {529}
}

@ARTICLE{NE, 
 author={S. Risi and J. Togelius}, 
 journal={IEEE Transactions on Computational Intelligence and AI in Games}, 
 title={Neuroevolution in Games: State of the Art and Open Challenges}, 
 year={2015}, 
 volume={PP}, 
 number={99}, 
 pages={1-1}, 
 keywords={Artificial intelligence;Biological neural networks;Evolutionary computation;Games;Genetic algorithms;Network topology}, 
 doi={10.1109/TCIAIG.2015.2494596}, 
 ISSN={1943-068X}, 
 month={},}

@ARTICLE{monte, 
 author={C. B. Browne and E. Powley and D. Whitehouse and S. M. Lucas and P. I. Cowling and P. Rohlfshagen and S. Tavener and D. Perez and S. Samothrakis and S. Colton}, 
 journal={IEEE Transactions on Computational Intelligence and AI in Games}, 
 title={A Survey of Monte Carlo Tree Search Methods}, 
 year={2012}, 
 volume={4}, 
 number={1}, 
 pages={1-43}, 
 keywords={Monte Carlo methods;game theory;tree searching;MCTS research;Monte carlo tree search methods;computer Go;key game;nongame domains;random sampling generality;Artificial intelligence;Computers;Decision theory;Game theory;Games;Markov processes;Monte Carlo methods;Artificial intelligence (AI);Monte Carlo tree search (MCTS);bandit-based methods;computer Go;game search;upper confidence bounds (UCB);upper confidence bounds for trees (UCT)}, 
 doi={10.1109/TCIAIG.2012.2186810}, 
 ISSN={1943-068X}, 
 month={March},}
 

@article{miyake_genzai,
author="三宅 陽一郎",
title="ディジタルゲームにおける人工知能技術の応用の現在(＜特集＞エンターテイメントにおける{AI})",
journal="人工知能:人工知能学会誌",
ISSN="21882266",
publisher="社団法人人工知能学会",
year="2015",
month="jan",
volume="30",
number="1",
pages="45-64",
URL="http://ci.nii.ac.jp/naid/110009884677/",
DOI="",
}

@ARTICLE{yan_panorama, 
 author={G. N. Yannakakis and J. Togelius}, 
 journal={IEEE Transactions on Computational Intelligence and AI in Games}, 
 title={A Panorama of Artificial and Computational Intelligence in Games}, 
 year={2015}, 
 volume={7}, 
 number={4}, 
 pages={317-335}, 
 keywords={artificial intelligence;computer games;human computer interaction;AI benchmarks;AI-assisted game design;NPC behavior learning;artificial intelligence;commercial games;computational intelligence;computational narrative believable agents;human-computer interaction;player modeling;player-game interaction;procedural content generation;search and planning;Artificial intelligence;Computational modeling;Evolutionary computation;Games;Planning;Seminars;Artificial intelligence;computational intelligence;games}, 
 doi={10.1109/TCIAIG.2014.2339221}, 
 ISSN={1943-068X}, 
 month={Dec},}

@ARTICLE{adaptive, 
 author={R. Lopes and R. Bidarra}, 
 journal={IEEE Transactions on Computational Intelligence and AI in Games}, 
 title={Adaptivity Challenges in Games and Simulations: A Survey}, 
 year={2011}, 
 volume={3}, 
 number={2}, 
 pages={85-99}, 
 keywords={computer games;computer games;game adaptivity;gameplay expectation;generation engine;learning preference;procedural content generation;semantic modeling;simulation;Adaptation model;Brain modeling;Computational modeling;Games;IEEE Transactions on Computational Intelligence and AI in Games;Learning systems;Predictive models;Adaptive games;declarative modeling;online adaptivity;player assessment;player modeling;procedural content generation;semantic modeling}, 
 doi={10.1109/TCIAIG.2011.2152841}, 
 ISSN={1943-068X}, 
 month={June},}


@article{ninti,
   author	 = "玉宮 義之",
   title	 = "デジタルゲームが認知機能に与える効果の分析と今後の展望",
   journal	 = "情報学研究",
   year 	 = "2016",
   volume	 = "",
   number	 = "5",
   pages	 = "94--98",
   month	 = "feb"
}

@book{csikszentmihalyi,
author="Mihaly Csikszentmihalyi",
title="楽しみの社会学",
note="今村浩明　訳",
publisher="新思索社",
year="2000",

}


@article{malone,
 author = {Malone, Thomas},
 title = {What Makes Computer Games Fun?},
 journal = {SIGSOC Bull.},
 issue_date = {1982},
 volume = {13},
 number = {2-3},
 month = may,
 year = {1981},
 issn = {0163-5794},
 pages = {143--},
 url = {http://doi.acm.org/10.1145/1015579.810990},
 doi = {10.1145/1015579.810990},
 acmid = {810990},
 publisher = {ACM},
 address = {New York, NY, USA},
}

@article{tanosisa,
author="山下 利之 and 清水 孝昭 and 栗山 裕 and 橋下 友茂",
title="コンピュータゲームの特性と楽しさの分析",
journal="日本教育工学会論文誌",
ISSN="13498290",
publisher="日本教育工学会",
year="2005",
month="apr",
volume="28",
number="4",
pages="349-355",
URL="http://ci.nii.ac.jp/naid/110002983430/",
DOI="",
}

@article{ikeda,
author="池田 心",
title="楽しませる囲碁・将棋プログラミング(＜特集＞娯楽のOR)",
journal="オペレーションズ・リサーチ : 経営の科学",
ISSN="00303674",
publisher="公益社団法人日本オペレーションズ・リサーチ学会",
year="2013",
month="feb",
volume="58",
number="3",
pages="167-173",
URL="http://ci.nii.ac.jp/naid/110009594409/",
DOI="",
}

@ARTICLE{DDA_race, 
author={C. H. Tan and K. C. Tan and A. Tay}, 
journal={IEEE Transactions on Computational Intelligence and AI in Games}, 
title={Dynamic Game Difficulty Scaling Using Adaptive Behavior-Based AI}, 
year={2011}, 
volume={3}, 
number={4}, 
pages={289-301}, 
keywords={computer games;evolutionary computation;learning (artificial intelligence);adaptive behavior-based artificial intelligence;dynamic game difficulty scaling;evolutionary computation;game adaptation;gaming styles;mutation rates;reinforcement learning;Adaptation model;Artificial intelligence;Games;Humans;Pixel;Real time systems;Vehicles;Artificial intelligence;behavior based;car racing simulation;game AI;player satisfaction;real-time adaptation}, 
doi={10.1109/TCIAIG.2011.2158434}, 
ISSN={1943-068X}, 
month={Dec},}

@INPROCEEDINGS{DDA_fight, 
author={Y. Nakagawa and K. Yamamoto and R. Thawonmas}, 
booktitle={2014 IEEE 3rd Global Conference on Consumer Electronics (GCCE)}, 
title={Online adjustment of the AI's strength in a fighting game using the k-nearest neighbor algorithm and a game simulator}, 
year={2014}, 
pages={494-495}, 
keywords={computer games;digital simulation;AI strength;fighting game AI competition;game simulator;k-nearest neighbor algorithm;online adjustment;opponent level;opponent next action prediction;Artificial intelligence;Computers;Educational institutions;Entertainment industry;Games;Laboratories;Prediction algorithms;AI's strength;fighting games;k-nearest neighbor;online adjustment}, 
doi={10.1109/GCCE.2014.7031274}, 
ISSN={2378-8143}, 
month={Oct},}

@ARTICLE{yan_adaptive, 
 author={G. N. Yannakakis and J. Hallam}, 
 journal={IEEE Transactions on Computational Intelligence and AI in Games}, 
 title={Real-Time Game Adaptation for Optimizing Player Satisfaction}, 
 year={2009}, 
 volume={1}, 
 number={2}, 
 pages={121-133}, 
 keywords={artificial intelligence;augmented reality;computer games;neural nets;artificial neural network user model;augmented-reality game player;controllable game parameter;game survey experiment;player satisfaction optimisation;playware physical interactive platform;real-time game adaptation;Augmented-reality games;gradient ascent;neuro-evolution;player satisfaction;real-time adaptation;user modeling}, 
 doi={10.1109/TCIAIG.2009.2024533}, 
 ISSN={1943-068X}, 
 month={June},}

@ARTICLE{puyo_monte,
author="大月 龍 and 前田 新一 and 石井 信",
title="不完全情報ゲームに対する階層化したモンテカルロ探索とそのぷよぷよへの適用",
journal="電子情報通信学会技術研究報告. NC, ニューロコンピューティング",
ISSN="0913-5685",
publisher="一般社団法人電子情報通信学会",
year="2014",
month="mar",
volume="113",
number="500",
pages="275-280",
URL="http://ci.nii.ac.jp/naid/110009862372/",
DOI="",
}

@article{puyo_temp,
author="富沢 大介 and 池田 心 and シモンビエノ",
title="落下型パズルゲームの定石形配置法とぷよぷよへの適用",
journal="情報処理学会論文誌",
ISSN="1882-7764",
publisher="情報処理学会",
year="2012",
month="nov",
volume="53",
number="11",
pages="2560-2570",
URL="http://ci.nii.ac.jp/naid/110009486874/",
DOI="",
}


@article{DQN,
	Author = {Mnih, Volodymyr and Kavukcuoglu, Koray and Silver, David and Rusu, Andrei A. and Veness, Joel and Bellemare, Marc G. and Graves, Alex and Riedmiller, Martin and Fidjeland, Andreas K. and Ostrovski, Georg and Petersen, Stig and Beattie, Charles and Sadik, Amir and Antonoglou, Ioannis and King, Helen and Kumaran, Dharshan and Wierstra, Daan and Legg, Shane and Hassabis, Demis},
	Date = {2015/02/26/print},
	Date-Added = {2017-02-02 05:25:23 +0000},
	Date-Modified = {2017-02-02 05:25:23 +0000},
	Day = {26},
	Isbn = {0028-0836},
	Journal = {Nature},
	L3 = {10.1038/nature14236; http://www.nature.com/nature/journal/v518/n7540/abs/nature14236.html#supplementary-information},
	M3 = {Letter},
	Month = {02},
	Number = {7540},
	Pages = {529--533},
	Publisher = {Nature Publishing Group, a division of Macmillan Publishers Limited. All Rights Reserved.},
	Title = {Human-level control through deep reinforcement learning},
	Ty = {JOUR},
	Url = {http://dx.doi.org/10.1038/nature14236},
	Volume = {518},
	Year = {2015},
	Bdsk-Url-1 = {http://dx.doi.org/10.1038/nature14236}}


@ARTICLE{ALE,
   author = {{Bellemare}, M.~G. and {Naddaf}, Y. and {Veness}, J. and {Bowling}, M.
	},
    title = "{The Arcade Learning Environment: An Evaluation Platform for General Agents}",
  journal = {ArXiv e-prints},
archivePrefix = "arXiv",
   eprint = {1207.4708},
 primaryClass = "cs.AI",
 keywords = {Computer Science - Artificial Intelligence},
     year = 2012,
    month = jul,
   adsurl = {http://adsabs.harvard.edu/abs/2012arXiv1207.4708B},
  adsnote = {Provided by the SAO/NASA Astrophysics Data System}
}


@ARTICLE{RLE,
   author = {{Bhonker}, N. and {Rozenberg}, S. and {Hubara}, I.},
    title = "{Playing SNES in the Retro Learning Environment}",
  journal = {ArXiv e-prints},
archivePrefix = "arXiv",
   eprint = {1611.02205},
 primaryClass = "cs.LG",
 keywords = {Computer Science - Learning, Computer Science - Artificial Intelligence},
     year = 2016,
    month = nov,
   adsurl = {http://adsabs.harvard.edu/abs/2016arXiv161102205B},
  adsnote = {Provided by the SAO/NASA Astrophysics Data System}
}

@misc{DQN_chainer,
author={Yoshida, Naoto},
title={{DQN}--chainer},
howpublished={\url{https://github.com/ugo-nama-kun/DQN-chainer}},
note={Last visited: \todayd}
}


@article{tetris,
author="宮崎真奈実, and 荒川正幹,",
title="ニューラルネットワークと遺伝的アルゴリズムを用いたテトリスコントローラの開発",
journal="全国大会講演論文集",
ISSN="",
publisher="一般社団法人情報処理学会",
year="2012",
month="mar",
volume="2012",
number="1",
pages="539-541",
URL="http://ci.nii.ac.jp/naid/110009783620/",
DOI="",
}

@article{paneru,
author="山崎 隆介 and Reijer, Grimbergen",
title="連鎖型パズルゲームにおけるパズル問題の自動創作",
journal="ゲームプログラミングワークショップ2013論文集",
ISSN="",
publisher="",
year="2013",
month="nov",
volume="",
number="",
pages="118-121",
URL="http://ci.nii.ac.jp/naid/170000078718/",
DOI="",
}

@misc{sega,
author={SEGA},
title={セガ公式「ぷよぷよ」最強プレイヤー決定戦},
howpublished={\url{https://segafes.com/puyo-saikyo/}},
note={Last visited: \todayd}
}

@misc{Skyuu,
author={日本ぷよ連盟},
title={第5回アーケード版ぷよぷよ通S級リーグ},
howpublished={\url{http://puyo.in/league_s2015/}},
note={Last visited: \todayd}
}

@misc{Akyuu,
author={日本ぷよ連盟},
title={第5回アーケード版ぷよぷよ通A級リーグ},
howpublished={\url{http://puyo.in/league_a2015/}},
note={Last visited: \todayd}
}

@misc{touituouza,
author={e--Sports Runner},
title="統一王座戦",
howpublished={\url{http://esports-runner.com/puyopuyo/undisputed-championship/}},
note={Last Visited: \todayd},
}

@misc{5g,
author={Red Bull},
title={Red Bull 5{G} 2016},
howpublished={\url{http://www.redbull.com/jp/ja/games/events/1331814625758/red-bull-5g-2016}},
note={Last visited: \todayd}
}
